@comment {Bibliography for a single article}

